<?xml version="1.0" encoding="UTF-8"?>
<collection xmlns="http://www.loc.gov/MARC21/slim">
  <record>
    <leader>00942nam a22002531a 4504</leader>
    <controlfield tag="001">73209622 //r823</controlfield>
    <controlfield tag="003">DLC</controlfield>
    <controlfield tag="005">19820325000000.0</controlfield>
    <controlfield tag="008">780306m19009999ohu 00000 grc</controlfield>
    <datafield tag="010" ind1=" " ind2=" ">
      <subfield code="a">73209622 //r823</subfield>
    </datafield>
    <datafield tag="040" ind1=" " ind2=" ">
      <subfield code="a">DLC</subfield>
      <subfield code="c">DLC</subfield>
      <subfield code="d">DLC</subfield>
    </datafield>
    <datafield tag="041" ind1="0" ind2=" ">
      <subfield code="a">grchebeng</subfield>
    </datafield>
    <datafield tag="050" ind1="0" ind2="0">
      <subfield code="a">BS421</subfield>
      <subfield code="b">.C64</subfield>
    </datafield>
    <datafield tag="082" ind1="0" ind2="0">
      <subfield code="a">220.4/4</subfield>
      <subfield code="2">19</subfield>
    </datafield>
    <datafield tag="245" ind1="0" ind2="4">
      <subfield code="a">The Computer Bible /</subfield>
      <subfield code="c">J. Arthur Baird, David Noel Freedman, editors.</subfield>
    </datafield>
    <datafield tag="260" ind1="0" ind2=" ">
      <subfield code="a">[Wooster, Ohio] :</subfield>
      <subfield code="b">Biblical Research Associates,</subfield>
      <subfield code="c">&lt;1973-c1980 &gt;</subfield>
    </datafield>
    <datafield tag="300" ind1=" " ind2=" ">
      <subfield code="a">v. &lt;2-4, 7-10, 13, 15-18, 20-24 &gt; ;</subfield>
      <subfield code="c">28 cm.</subfield>
    </datafield>
    <datafield tag="500" ind1=" " ind2=" ">
      <subfield code="a">Hebrew and Greek; introductions in English.</subfield>
    </datafield>
    <datafield tag="500" ind1=" " ind2=" ">
      <subfield code="a">Vols. 2, 8: Missoula, Mont. : Published by Scholars Press for Biblical Research
        Associates.
      </subfield>
    </datafield>
    <datafield tag="630" ind1=" " ind2="0">
      <subfield code="a">Bible. O.T.</subfield>
      <subfield code="x">Concordances, Hebrew.</subfield>
    </datafield>
    <datafield tag="630" ind1="0" ind2="0">
      <subfield code="a">Bible.</subfield>
      <subfield code="p">N.T.</subfield>
      <subfield code="x">Concordances, Greek.</subfield>
    </datafield>
    <datafield tag="700" ind1="1" ind2="0">
      <subfield code="a">Baird, J. Arthur</subfield>
      <subfield code="q">(Joseph Arthur)</subfield>
    </datafield>
    <datafield tag="700" ind1="1" ind2="0">
      <subfield code="a">Freedman, David Noel,</subfield>
      <subfield code="d">1922-</subfield>
    </datafield>
    <datafield tag="710" ind1="2" ind2="0">
      <subfield code="a">Biblical Research Associates.</subfield>
    </datafield>
  </record>